@unpublished{monagan,
    author = {Michael Monagan},
    institution = {Simon Fraser University},
    howpublished = {MATH895 course notes},
    year = {2021},
    title = {Topics in Computer Algebra},
    url = {https://www.cecm.sfu.ca/~mmonagan/teaching/TopicsinCA21/},
    note = {MATH895 course notes (week 1 handout)}
}

@article{simd,
  title={Modular {SIMD} arithmetic in {Mathemagix}},
  author={Hoeven, Joris Van Der and Lecerf, Gr{\'e}goire and Quintin, Guillaume},
  journal={ACM Transactions on Mathematical Software (TOMS)},
  volume={43},
  number={1},
  pages={1--37},
  year={2016},
  publisher={ACM New York, NY, USA}
}
