@unpublished{monagan,
    author = {Michael Monagan},
    institution = {Simon Fraser University},
    howpublished = {MATH895 course notes},
    year = {2021},
    title = {Topics in Computer Algebra},
    url = {https://www.cecm.sfu.ca/~mmonagan/teaching/TopicsinCA21/},
    note = {MATH895 course notes (week 1 handout)}
}
